<?xml version="1.0" encoding="UTF-8"?>
<collection xmlns:xsi="http://www.w3.org/2001/XMLSchema-instance" xsi:schemaLocation="http://www.loc.gov/MARC21/slim http://www.loc.gov/standards/marcxml/schema/MARC21slim.xsd" xmlns="http://www.loc.gov/MARC21/slim">
<record>
  <leader>01401cam a2200301 a 4500</leader>
  <controlfield tag="001">5329485</controlfield>
  <controlfield tag="003">NNC</controlfield>
  <controlfield tag="005">20160718182439.0</controlfield>
  <controlfield tag="008">960322s1884    tu            000 0 arard</controlfield>
  <datafield tag="035" ind1=" " ind2=" ">
    <subfield code="a">(OCoLC)ocm09347328</subfield>
  </datafield>
  <datafield tag="035" ind1=" " ind2=" ">
    <subfield code="a">(NNC)5329485</subfield>
  </datafield>
  <datafield tag="040" ind1=" " ind2=" ">
    <subfield code="a">WAU</subfield>
    <subfield code="c">WAU</subfield>
    <subfield code="d">IUL</subfield>
    <subfield code="d">OCLCG</subfield>
  </datafield>
  <datafield tag="066" ind1=" " ind2=" ">
    <subfield code="c">(3</subfield>
    <subfield code="c">(4</subfield>
  </datafield>
  <datafield tag="090" ind1=" " ind2=" ">
    <subfield code="a">BP173.4</subfield>
    <subfield code="b">.M892 1884</subfield>
  </datafield>
  <datafield tag="100" ind1="0" ind2=" ">
    <subfield code="6">880-01</subfield>
    <subfield code="a">Muḥammad Ṣiddīq Ḥasan,</subfield>
    <subfield code="c">Nawab of Bhopal,</subfield>
    <subfield code="d">1832-1890.</subfield>
  </datafield>
  <datafield tag="245" ind1="1" ind2="0">
    <subfield code="6">880-02</subfield>
    <subfield code="a">Ḥusn al-uswah bi-mā thabata min Allāh wa-Rasūlihi fī al-niswah /</subfield>
    <subfield code="c">taʾlīf Muḥammad Ṣiddīq Ḥasan Khān.</subfield>
  </datafield>
  <datafield tag="250" ind1=" " ind2=" ">
    <subfield code="6">880-03</subfield>
    <subfield code="a">Ṭabʻah 1.</subfield>
  </datafield>
  <datafield tag="260" ind1=" " ind2=" ">
    <subfield code="6">880-04</subfield>
    <subfield code="a">Qusṭanṭīnīyah :</subfield>
    <subfield code="b">Maṭbaʻat al-Jawāʾib,</subfield>
    <subfield code="c">1301 [1884]</subfield>
  </datafield>
  <datafield tag="300" ind1=" " ind2=" ">
    <subfield code="a">424, 30 p. ;</subfield>
    <subfield code="c">25 cm.</subfield>
  </datafield>
  <datafield tag="505" ind1="0" ind2=" ">
    <subfield code="a">al-Kitāb 1. Fīmā nazala fī al-niswah min āyāt al-Kitāb al-ʻAzīz -- al-Kitāb 2. Fīmā warada bi-al-niswah min aḥādīth al-sunnah al-muṭahharah.</subfield>
  </datafield>
  <datafield tag="650" ind1=" " ind2="0">
    <subfield code="a">Muslim women.</subfield>
  </datafield>
  <datafield tag="880" ind1="0" ind2=" ">
    <subfield code="6">100-01/(3/r</subfield>
    <subfield code="a">محمد صديق حسن،</subfield>
    <subfield code="d">1832-1890.</subfield>
  </datafield>
  <datafield tag="880" ind1="1" ind2="0">
    <subfield code="6">245-02/(3/r</subfield>
    <subfield code="a">حسن الأسوة بما ثبت من الله ورسوله في النسوة /</subfield>
    <subfield code="c">تأليف محمد صديق حسن خان.</subfield>
  </datafield>
  <datafield tag="880" ind1=" " ind2=" ">
    <subfield code="6">250-03/(3/r</subfield>
    <subfield code="a">طبعة 1.</subfield>
  </datafield>
  <datafield tag="880" ind1=" " ind2=" ">
    <subfield code="6">260-04/(3/r</subfield>
    <subfield code="a">قسطنطينية :</subfield>
    <subfield code="b">مطبعة الجوائب،</subfield>
    <subfield code="c">1301 [1884]</subfield>
  </datafield>
  <datafield tag="955" ind1=" " ind2=" ">
    <subfield code="b">CU13722565</subfield>
    <subfield code="d">off,uts</subfield>
    <subfield code="e">HQ1170 .M845 1884g</subfield>
  </datafield>
</record>
</collection>